@misc{barak-steurer-notes,
  author       = {Boaz Barak and David Steurer},
  title        = {Proofs, beliefs, and algorithms through the lens of sum-of-squares},
  chapter      = {Chapter 2.1: Max Cut},
  year         = {2019},
  url          = {https://www.sumofsquares.org/public/index.html},
  note         = {Lecture notes},
}

@inproceedings{BRS11,
  title={Rounding semidefinite programming hierarchies via global correlation},
  author={Barak, Boaz and Raghavendra, Prasad and Steurer, David},
  booktitle={2011 IEEE 52nd annual symposium on foundations of computer science},
  pages={472--481},
  year={2011},
  organization={IEEE}
}

